%=======================mybib==================================
@book{voet2011biochemistry,
	title={Biochemistry},
	author={Voet, D. and Voet, J. G.},
	publisher={New York: John Wiley \& Sons},
	edition = {4th},
	year={2011},
}

@article{seifert1991shape,
	title={Shape transformations of vesicles: phase diagram for spontaneous-curvature and bilayer-coupling models},
	author={Seifert, U. and Berndl, K. and Lipowsky, R.},
	journal={Phys. Rev. A},
	volume={44},
	number={2},
	pages={1182},
	year={1991},
	publisher={APS}
}

@Incollection{seifert1995morphology,
	title={Morphology of vesicles},
	author={Seifert, U. and Lipowsky, R.},
	editor= {R. Lipowsky and E. Sackmann},
	booktitle={Handbook of Biological Physics},
	volume={1},
	chapter={8},
	pages={403--464},
	year={1995},
	publisher={Elsevier Science, Amsterdam}
}

@article{keh1995particle,
  title={Particle interactions in diffusiophoresis in nonelectrolyte gradients},
  author={Keh, H. J. and Luo, S. C.},
  journal={Phys. Fluids},
  volume={7},
  number={9},
  pages={2122--2131},
  year={1995},
  publisher={AIP Publishing}
}


@article{sircar1972adsorption,
  title={Adsorption from liquid mixtures on solids: {T}hermodynamics of excess properties and their temperature coefficients},
  author={Sircar, S. and Novosad, J. and Myers, A. L.},
  journal={Ind. Eng. Chem. Fund.},
  volume={11},
  number={2},
  pages={249--254},
  year={1972},  
  publisher={ACS Publications}
}

@misc{wilburn1989introduction,
	title={Introduction to thermal analysis, techniques and applications},
	author={Wilburn, F.W.},
	year={1989},
	publisher={Elsevier}
}

@article{price2000thermogravimetry,
	title={Thermogravimetry of polymers},
	author={Price, Duncan M and Hourston, Douglas J and Dumont, Fabrice},
	journal={Encyclopedia of analytical chemistry},
	pages={8094--8105},
	year={2000},
	publisher={Citeseer}
}














